@inproceedings{Doblander:2016:SDC,
 author = {Doblander, Christoph and Ghinaiya, Tanuj and Zhang, Kaiwen and Jacobsen, Hans-Arno},
 title = {Shared Dictionary Compression in Publish/Subscribe Systems},
 booktitle = {Proceedings of the 10th ACM International Conference on Distributed and Event-based Systems},
 series = {DEBS '16},
 year = {2016},
 isbn = {978-1-4503-4021-2},
 location = {Irvine, California},
 pages = {117--124},
 numpages = {8},
 url = {http://doi.acm.org/10.1145/2933267.2933308},
 doi = {10.1145/2933267.2933308},
 acmid = {2933308},
 publisher = {ACM},
 address = {New York, NY, USA},
 keywords = {compression, middleware, publish/subscribe}
}

@article{Bell:1989:MTC:76894.76896,
 author = {Bell, Timothy and Witten, Ian H. and Cleary, John G.},
 title = {Modeling for Text Compression},
 journal = {ACM Comput. Surv.},
 issue_date = {Dec. 1989},
 volume = {21},
 number = {4},
 month = dec,
 year = {1989},
 issn = {0360-0300},
 pages = {557--591},
 numpages = {35},
 url = {http://doi.acm.org/10.1145/76894.76896},
 doi = {10.1145/76894.76896},
 acmid = {76896},
 publisher = {ACM},
 address = {New York, NY, USA},
} 

@INPROCEEDINGS{755678, 
author={J. Bentley and D. McIlroy}, 
booktitle={Data Compression Conference, 1999. Proceedings. DCC '99}, 
title={Data compression using long common strings}, 
year={1999}, 
pages={287-295}, 
keywords={data compression;data structures;string matching;text analysis;data compression;data file structure;data sets;fingerprint mechanisms;long common strings;precompression algorithm;string representation;text;Code standards;Compression algorithms;Computer science;Constitution;Data compression;Educational institutions;Fingerprint recognition;Plagiarism;Software libraries;Software systems}, 
doi={10.1109/DCC.1999.755678}, 
ISSN={1068-0314}, 
month={Mar},}

@article{Bentley:2001:DCL:508081.508083,
 author = {Bentley, Jon and McIlroy, Douglas},
 title = {Data Compression with Long Repeated Strings},
 journal = {Inf. Sci.},
 issue_date = {June, 2001},
 volume = {135},
 number = {1-2},
 month = jun,
 year = {2001},
 issn = {0020-0255},
 pages = {1--11},
 numpages = {11},
 url = {http://dx.doi.org/10.1016/S0020-0255(01)00097-4},
 doi = {10.1016/S0020-0255(01)00097-4},
 acmid = {508083},
 publisher = {Elsevier Science Inc.},
 address = {New York, NY, USA},
} 

@misc{femtozip,
  title = {FemtoZip},
  howpublished = {\url{https://github.com/gtoubassi/femtozip}},
  note = {Accessed: 2016-04-30}
}

@misc{moquette,
  title = {Moquette},
  howpublished = {\url{https://projects.eclipse.org/proposals/moquette-mqtt}},
  note = {Accessed: 2016-04-30}
}

@misc{moquette,
  title = {Moquette GitHub},
  howpublished = {\url{https://github.com/andsel/moquette}},
  note = {Accessed: 2016-04-30}
}

@misc{sdc_linkedin,
  title = {SDC LinkedIn},
  howpublished = {\url{https://engineering.linkedin.com/shared-dictionary-compression-http-linkedin}},
  note = {Accessed: 2016-04-30}
}

@misc{middleware_wiki,
  title = {Middleware Wikipedia},
  howpublished = {\url{https://en.wikipedia.org/wiki/Middleware#cite_ref-MW-00_1-0}},
  note = {Accessed: 2016-10-13}
}

@misc{middleware_types,
  title = {Types of Middleware},
  howpublished = {\url{https://web.archive.org/web/20120629211518/http://www.middleware.org/whatis.html}},
  note = {Accessed: 2016-10-13}
}

@article{message_brokers,
 author = {T. J. Kruk},
 title = {Prescript to the lectures Distributed Systems (DS)(work in progress)},
 year = {2006},
} 

@misc{message_brokers_usage,
  title = {Purpose of message broker},
  howpublished = {\url{https://en.wikipedia.org/wiki/Message_broker}},
  note = {Accessed: 2016-10-14}
}


@article{Birman:1987:EVS:37499.37515,
 author = {Birman, K. and Joseph, T.},
 title = {Exploiting Virtual Synchrony in Distributed Systems},
 journal = {SIGOPS Oper. Syst. Rev.},
 issue_date = {Nov. 1987},
 volume = {21},
 number = {5},
 month = nov,
 year = {1987},
 issn = {0163-5980},
 pages = {123--138},
 numpages = {16},
 url = {http://doi.acm.org/10.1145/37499.37515},
 doi = {10.1145/37499.37515},
 acmid = {37515},
 publisher = {ACM},
 address = {New York, NY, USA},
} 
